<record><leader>00000cas a22000007a 4500</leader><controlfield tag="001">12895122</controlfield><controlfield tag="008">851211d18831911iauwr ne      0    0eng d</controlfield><datafield ind1=" " ind2=" " tag="010"><subfield code="a">sn 85049847 </subfield></datafield><datafield ind1=" " ind2=" " tag="040"><subfield code="a">INP</subfield><subfield code="b">eng</subfield><subfield code="c">INP</subfield><subfield code="d">NVF</subfield><subfield code="d">OCLCQ</subfield><subfield code="d">OCLCF</subfield><subfield code="d">OCLCO</subfield></datafield><datafield ind1="1" ind2=" " tag="029"><subfield code="a">AU@</subfield><subfield code="b">000024687583</subfield></datafield><datafield ind1=" " ind2=" " tag="042"><subfield code="a">msc</subfield></datafield><datafield ind1=" " ind2=" " tag="043"><subfield code="a">n-us-ia</subfield></datafield><datafield ind1="0" ind2="4" tag="245"><subfield code="a">The Weekly nonpareil.</subfield></datafield><datafield ind1=" " ind2=" " tag="260"><subfield code="a">Council Bluffs, Iowa :</subfield><subfield code="b">[s.n.],</subfield><subfield code="c">1883-</subfield></datafield><datafield ind1=" " ind2=" " tag="300"><subfield code="a">v. :</subfield><subfield code="b">ill. (chiefly advertisements) ;</subfield><subfield code="c">59 cm.</subfield></datafield><datafield ind1=" " ind2=" " tag="310"><subfield code="a">Weekly</subfield></datafield><datafield ind1="0" ind2=" " tag="362"><subfield code="a">Vol. 27, no. 40 (Oct. 4, 1883)-</subfield></datafield><datafield ind1="1" ind2=" " tag="362"><subfield code="a">Ceased in 1911?</subfield><subfield code="z">Cf. Bibl. of Iowa newspapers.</subfield></datafield><datafield ind1=" " ind2=" " tag="525"><subfield code="a">Includes occasional supplements.</subfield></datafield><datafield ind1=" " ind2="0" tag="651"><subfield code="a">Council Bluffs (Iowa)</subfield><subfield code="v">Newspapers.</subfield></datafield><datafield ind1=" " ind2="7" tag="655"><subfield code="a">Newspapers.</subfield><subfield code="2">fast</subfield><subfield code="0">(OCoLC)fst01423814</subfield></datafield><datafield ind1=" " ind2="7" tag="651"><subfield code="a">Iowa</subfield><subfield code="z">Council Bluffs.</subfield><subfield code="2">fast</subfield><subfield code="0">(OCoLC)fst01224198</subfield></datafield><datafield ind1=" " ind2=" " tag="752"><subfield code="a">United States</subfield><subfield code="b">Iowa</subfield><subfield code="c">Pottawattamie</subfield><subfield code="d">Council Bluffs.</subfield></datafield><datafield ind1="0" ind2=" " tag="775"><subfield code="t">Daily nonpareil (Council Bluffs, Iowa : 1881)</subfield><subfield code="w">(DLC)sn 85049848</subfield><subfield code="g">Oct. 4, 1883-Apr. 20, 1884</subfield></datafield><datafield ind1="0" ind2=" " tag="775"><subfield code="t">Council Bluffs daily nonpareil (Council Bluffs, Iowa : 1884)</subfield><subfield code="w">(DLC)sn 85049849</subfield><subfield code="g">Apr. 22, 1884-Dec. 8, 1889</subfield></datafield><datafield ind1="0" ind2=" " tag="775"><subfield code="t">Council Bluffs nonpareil (Council Bluffs, Iowa : 1889)</subfield><subfield code="w">(DLC)sn 85049850</subfield><subfield code="g">Dec. 10, 1889-June 26, 1895</subfield></datafield><datafield ind1="0" ind2=" " tag="775"><subfield code="t">Daily nonpareil (Council Bluffs, Iowa : 1895)</subfield><subfield code="w">(DLC)sn 85049851</subfield><subfield code="g">June 27, 1895-&lt;1911&gt;</subfield></datafield><datafield ind1="0" ind2="0" tag="780"><subfield code="t">Council Bluffs weekly nonpareil</subfield><subfield code="w">(DLC)sn 85049846</subfield></datafield></record>